% Bibliografía

% Este fichero contiene la bibliografía de la memoria
% Está en un formato que se conoce como BibTex.
% Hay muchos sitios web que exportan referencias en formato BibTeX. 
% Prueba a buscar en http://scholar.google.com por referencias
% y verás que lo puedes hacer de manera sencilla.
% Más información: 
% http://texblog.org/2014/04/22/using-google-scholar-to-download-bibtex-citations/

% Existen varias posibilidades para referenciar diferentes tipos de documentos,
% ya que los datos necesarios varían. Así, existen formatos de entrada para
%     * libros (book)
%     * artículos en revistas de investigación (article)
%     * capítulos de libro (incollection)
%     * informes técnicos (techreport)
%     * otros (misc)
%
% Las páginas web deberían ir como misc.

% Una última cosa: no referencias nunca la WikiPedia
% La WikiPedia, como buena enciclopedia, no es fuente primaria.
% Si acaso, busca por citas en la WikiPedia (que sí ha de referenciar fuentes
% primarias) y haz referencia a las mismas.


@misc{python:_python,
  author       = {},
  howpublished = {},
  title        = {Python},
  year         = {},
  note = {\\ https://www.python.org/}
}

@misc{flask:_flask,
  title = {Flask Documentation},
  note = {\\ https://flask.palletsprojects.com/en/stable/}
}

@misc{jinja:_jinja,
  title = {Jinja Documentation},
  note = {\\ https://jinja.palletsprojects.com/en/stable/}
}

@misc{perceval:_perceval,
  title = {Perceval Read The Docs},
  note = {\\ https://perceval.readthedocs.io/en/latest/}
}
@misc{git:_git,
  title = {Git},
  note = {\\ https://git-scm.com/}
}

@misc{github:_github,
  title = {GitHub},
  note = {\\ https://github.com/}
}

@misc{gitandgithub:_gitandgithub,
  title = {About Git and GitHub},
  note = {\\ https://docs.github.com/es/get-started/start-your-journey/about-github-and-git}
}
@Book{fernandez:_python,
  author = {Arturo Fernández Montoro},
  editor = {Alfaomega Grupo Editor},
  publisher = {Alfaomega},
  title  = {Python 3 al descubierto},
  year = 2013
}

@Book{myerscopeland:_essentialsqlalchemy,
  author = {Jason Myers & Rick Copeland},
  editor = {Dawn Schanafelt and Megan Blanchette},
  publisher = {O'Reilly Media, Inc.},
  title  = {Essential SQLAlchemy},
  year = 2016,
  subtitle = {Mapping Python to Database},
}

@Book{gini:_gini,
  author = {Lorenzo Giovanni Bellù, & Paolo Liberati},
  title  = {Inequality Analysis},
  year = 2016,
  subtitle = {The Gini Index},
}
@article{sqlite:_sqlite,
  author          = {S.T.Bhosale, Miss. Tejaswini Patil, Miss. Pooja Patil},
  journal         = {International Journal of Computer Science and Mobile Computing},
  number          = {Issue 4},
  title           = {SQLite: Light Database System},
  volume          = {4},
  year            = {2015}
}

@misc{bootstrap:_bootstrap,
  title = {Bootstrap Docs},
  note = {\\ https://getbootstrap.com/docs/5.3/getting-started/introduction/}
}